% This file was created with JabRef 2.6.
% Encoding: UTF8

@BOOK{Zienkiewicz1977,
  title = {{T}he {F}inite {E}lement {M}ethod},
  publisher = {McGraw-Hill, London},
  year = {1977},
  author = {O. C. Zienkiewicz},
  edition = {3rd},
  owner = {carsten},
  timestamp = {2010.03.29}
}

@comment{jabref-meta: selector_publisher:}

@comment{jabref-meta: selector_author:}

@comment{jabref-meta: selector_journal:}

@comment{jabref-meta: selector_keywords:}

