% This file was created with JabRef 2.10.
% Encoding: UTF8


@Article{Audebert2014,
  Title                    = {{Time-lapse ERT interpretation methodology for leachate injection monitoring based on multiple inversions and a clustering strategy (MICS) }},
  Author                   = {M. Audebert and R. Clement and N. Touze-Foltz and T. G\"{u}nther and S. Moreau and C. Duquennoi},
  Journal                  = {Journal of Applied Geophysics },
  Year                     = {2014},
  Number                   = {0},
  Pages                    = {320 - 333},
  Volume                   = {111},

  Doi                      = {10.1016/j.jappgeo.2014.09.024},
  Keywords                 = {Electrical resistivity tomography},
  Owner                    = {fwagner},
  Timestamp                = {2015.03.26}
}

@Article{BergmannSchKie2012,
  Title                    = {{S}urface-downhole electrical resistivity tomography applied to monitoring of {CO}2 storage at {K}etzin, {G}ermany},
  Author                   = {Peter Bergmann and Cornelia Schmidt-Hattenberger and Dana Kiessling and Carsten Rücker and Tim Labitzke and Jan Henninges and Gunther Baumann and Hartmut Schütt},
  Journal                  = {Geophysics},
  Year                     = {2012},
  Number                   = {6},
  Pages                    = {B253-B267},
  Volume                   = {77},

  Owner                    = {carsten},
  Timestamp                = {2012.09.27}
}

@Article{Doetsch2010,
  Title                    = {The borehole-fluid effect in electrical resistivity imaging},
  Author                   = {Doetsch, J. A. and Coscia, I. and Greenhalgh, S. and Linde, N. and Green, A. G. and G\"{u}nther, T.},
  Journal                  = {Geophysics},
  Year                     = {2010},
  Number                   = {4},
  Pages                    = {F107-F114},
  Volume                   = {75},

  Doi                      = {10.1190/1.3467824},
  Owner                    = {fwagner},
  Timestamp                = {2013.01.25}
}

@Article{Wagner2015,
  Title                    = {Constructive optimization of electrode locations for target-focused resistivity monitoring},
  Author                   = {Wagner, F. and G\"{u}nther, T. and Schmidt-Hattenberger, C. and Maurer, H.},
  Journal                  = {Geophysics},
  Year                     = {2015},
  Number                   = {2},
  Pages                    = {E29-E40},
  Volume                   = {80},

  Doi                      = {10.1190/geo2014-0214.1},
  Owner                    = {fwagner},
  Timestamp                = {2015.01.17}
}

@comment{jabref-meta: selector_publisher:}

@comment{jabref-meta: selector_author:}

@comment{jabref-meta: selector_journal:}

@comment{jabref-meta: selector_keywords:}

