% This file was created with JabRef 2.10.
% Encoding: UTF8


@InProceedings{RGW15,
  Title                    = {PyGIMLi - Eine Open Source Python Bibliothek zur Inversion und Modellierung in der Geophysik},
  Author                   = {C. R\"{u}cker, T. G\"{u}nther, F. Wagner},
  Booktitle                = {{75. Jahrestagung der Deutschen Geophysikalischen Gesellschaft (DGG), Hannover 2015}},
  Year                     = {2015},

  Date                     = {2012},
  Keywords                 = {550 - Earth sciences},
  Owner                    = {fwagner},
  Timestamp                = {2015.03.26}
}

