% Encoding: UTF-8


@Article{Archie1942,
  Title                    = {{T}he {E}lectrical {R}esistivity {L}og as an {A}id in {D}etermining {S}ome {R}eservoir {C}haracteristics},
  Author                   = {G.E. Archie},
  Journal                  = {Transactions of the {AIME}},
  Year                     = {1942},

  Month                    = {dec},
  Number                   = {01},
  Pages                    = {54--62},
  Volume                   = {146},

  Doi                      = {10.2118/942054-g},
  Owner                    = {carsten},
  Publisher                = {Society of Petroleum Engineers ({SPE})},
  Timestamp                = {2016.07.05},
  Url                      = {http://dx.doi.org/10.2118/942054-g}
}

@Article{ChenDavHag+2009,
  Title                    = {{A}lgorithm 887: {CHOLMOD}, supernodal sparse {C}holesky factorization and update/downdate},
  Author                   = {Y. Chen and T. A. Davis and W. W. Hager and S. Rajamanickam},
  Journal                  = {ACM Trans. Math. Software},
  Year                     = {2009},
  Number                   = {3},
  Pages                    = {No.: 22},
  Volume                   = {35},

  File                     = {ChenDavHag+2009.pdf:all/ChenDavHag+2009.pdf:PDF},
  Owner                    = {carsten},
  Timestamp                = {2010.04.09}
}

@Article{EngelhardtPit1955,
  Title                    = {{Ü}ber die {Z}usammenhänge zwischen {P}orosität, {P}ermeabilität und {K}orngröße bei {S}anden und {S}andsteinen},
  Author                   = {W. v. Engelhardt and H. Pitter},
  Journal                  = {Heidelberger Beiträge zur Mineralogie und Petrographie},
  Year                     = {1955},
  Number                   = {6},
  Pages                    = {477-491},
  Volume                   = {2},

  File                     = {EngelhardtPit1955.pdf:all/EngelhardtPit1955.pdf:PDF},
  Owner                    = {carsten},
  Timestamp                = {2015.11.11}
}

@Article{GeuzaineRemacle2009,
  Title                    = {{G}msh: a three-dimensional finite element mesh generator with built-in pre- and post-processing facilities},
  Author                   = {Geuzaine, C. and Remacle, J.-F.},
  Journal                  = {International Jounral for Numerical Methods in Engineering},
  Year                     = {2009},
  Pages                    = {1309-1331},
  Volume                   = {79},

  Owner                    = {fwagner},
  Timestamp                = {2011.05.30}
}

@Article{NordsiekWel2008,
  Title                    = {{A} new approach to fitting induced-polarization spectra},
  Author                   = {Sven Nordsiek and Andreas Weller},
  Journal                  = {Geophysics},
  Year                     = {2008},
  Number                   = {6},
  Pages                    = {F235--F245},
  Volume                   = {73},

  Owner                    = {carsten},
  Timestamp                = {2011.03.17}
}

@InCollection{Shewchuk96b,
  Title                    = {{T}riangle: {E}ngineering a {2D} {Q}uality {M}esh {G}enerator and {D}elaunay {T}riangulator},
  Author                   = {Jonathan Richard Shewchuk},
  Booktitle                = {Applied Computational Geometry: Towards Geometric Engineering},
  Publisher                = {Springer-Verlag},
  Year                     = {1996},
  Editor                   = {Ming C. Lin and Dinesh Manocha},
  Month                    = may,
  Note                     = {From the First ACM Workshop on Applied Computational Geometry},
  Pages                    = {203--222},
  Series                   = {Lecture Notes in Computer Science},
  Volume                   = {1148},

  Owner                    = {Dlugosch.R},
  Timestamp                = {2013.04.15}
}

@Manual{tetgen,
  Title                    = {{T}et{G}en - a quality-constrained tetrahedral mesh generator},

  Address                  = {\url{http://tetgen.org}},
  Author                   = {H. Si},
  Organization             = {Weierstrass institute, Berlin},
  Year                     = {2002-2008},

  Owner                    = {halbmy},
  Timestamp                = {2008.05.19}
}

@Article{Si2015,
  Title                    = {{TetGen}, a {D}elaunay-{B}ased {Q}uality {T}etrahedral {M}esh {G}enerator},
  Author                   = {Hang Si},
  Journal                  = {{ACM} Transactions on Mathematical Software},
  Year                     = {2015},

  Month                    = {feb},
  Number                   = {2},
  Pages                    = {1--36},
  Volume                   = {41},

  Doi                      = {10.1145/2629697},
  File                     = {Si2015.pdf:all/Si2015.pdf:PDF},
  Owner                    = {carsten},
  Publisher                = {Association for Computing Machinery ({ACM})},
  Timestamp                = {2015.12.03},
  Url                      = {http://dx.doi.org/10.1145/2629697}
}

@TechReport{Si2004,
  Title                    = {{T}et{G}en. {A} 3{D} {D}elaunay tetrahedral mesh generator. v.1.3},
  Author                   = {Hang Si},
  Institution              = {WIAS},
  Year                     = {2004},
  Number                   = {4},
  Type                     = {Users manual},

  File                     = {Si2004.pdf:all/Si2004.pdf:PDF},
  Owner                    = {carsten},
  Printout                 = {yes},
  Timestamp                = {2013.08.28}
}

@Article{SinghGup2001,
  Title                    = {{N}ew method for fast computation of gravity and magnetic anomalies from arbitrary polyhedra},
  Author                   = {Bijendra Singh and D. Guptasarma},
  Journal                  = {Geophysics},
  Year                     = {2001},
  Pages                    = {521-526},
  Volume                   = {66},

  File                     = {SinghGup2001.pdf:all/SinghGup2001.pdf:PDF},
  Owner                    = {carsten},
  Timestamp                = {2013.10.10}
}

@Article{WonBev1987,
  Title                    = {{C}omputing the gravitational and magnetic anomalies due to a polygon: {A}lgorithms and {F}ortran subroutines},
  Author                   = {I. J. Won and Michael Bevis},
  Journal                  = {Geophysics},
  Year                     = {1987},
  Number                   = {2},
  Pages                    = {232-238},
  Volume                   = {52},

  File                     = {WonBev1987.pdf:all/WonBev1987.pdf:PDF},
  Owner                    = {carsten},
  Timestamp                = {2012.03.23}
}

@Book{Zienkiewicz1977,
  Title                    = {{T}he {F}inite {E}lement {M}ethod},
  Author                   = {O. C. Zienkiewicz},
  Publisher                = {McGraw-Hill, London},
  Year                     = {1977},
  Edition                  = {3rd},

  Owner                    = {carsten},
  Timestamp                = {2010.03.29}
}

@Article{PeltonWarHal1978,
  author    = {W.H. Pelton and S.H. Ward and P.G. Hallof and W.R. Sill and P. H. Nelson},
  title     = {{M}ineral discrimination and removal of inductive coupling with multifrequency ip},
  journal   = {Geophysics},
  year      = {1978},
  volume    = {43},
  number    = {3},
  pages     = {588--609},
  file      = {PeltonWarHal1978.pdf:all/PeltonWarHal1978.pdf:PDF},
  groups    = {SIP},
  owner     = {carsten},
  timestamp = {2011.03.17},
}

@Article{Seigel1959,
  author    = {Seigel, H. O.},
  title     = {Mathematical formuiation and type curves for induced polarization},
  journal   = {Geophysics},
  year      = {1959},
  volume    = {24},
  pages     = {547-565},
  owner     = {carsten},
  timestamp = {2017.05.23},
}

@Article{RueckerGueWag2017GaG,
  author    = {Carsten Rücker and Thomas Günther and Florian Wagner},
  title     = {{pyGIMLi}: An open-source library for modelling and inversion in geophysics},
  journal   = {Computers \& Geosciences},
  year      = {2017},
  owner     = {Dlugosch.R},
  timestamp = {2017.07.27},
}

@Article{moser1991G,
  author    = {Moser, TJ},
  title     = {{S}hortest path calculation of seismic rays},
  journal   = {Geophysics},
  year      = {1991},
  volume    = {56},
  number    = {1},
  pages     = {59-67},
  issn      = {0016-8033},
  doi       = {10.1190/1.1442958},
  owner     = {Dlugosch.R},
  timestamp = {2017.08.21},
  type      = {Journal Article},
}

@Article{podvin1991GJI,
  author    = {Pascal Podvin and Isabelle Lecomte},
  title     = {Finite difference computation of traveltimes in very contrasted velocity models: a massively parallel approach and its associated tools},
  journal   = {Geophysical Journal International},
  year      = {1991},
  volume    = {105},
  number    = {1},
  pages     = {271--284},
  month     = {apr},
  doi       = {10.1111/j.1365-246x.1991.tb03461.x},
  owner     = {Dlugosch.R},
  publisher = {Oxford University Press ({OUP})},
  timestamp = {2017.08.21},
  url       = {https://doi.org/10.1111/j.1365-246x.1991.tb03461.x},
}

@Article{loewer2017GJI,
  author    = {M. Loewer and T. G\"{u}nther and J. Igel and S. Kruschwitz and T. Martin and N. Wagner},
  title     = {Ultra-broad-band electrical spectroscopy of soils and sediments{\textemdash}a combined permittivity and conductivity model},
  journal   = {Geophysical Journal International},
  year      = {2017},
  volume    = {210},
  number    = {3},
  pages     = {1360--1373},
  month     = {jun},
  doi       = {10.1093/gji/ggx242},
  owner     = {Dlugosch.R},
  publisher = {Oxford University Press ({OUP})},
  timestamp = {2017.07.27},
  url       = {https://doi.org/10.1093/gji/ggx242},
}

@Article{LoewerIgeWag2016,
  author    = {Markus Loewer and Jan Igel and Norman Wagner},
  title     = {{S}pectral {D}ecomposition of {S}oil {E}lectrical and {D}ielectric {L}osses and {P}rediction of {I}n {S}itu {GPR} {P}erformance},
  journal   = {{IEEE} J. Sel. Top. Appl. Earth Observations Remote Sensing},
  year      = {2016},
  volume    = {9},
  number    = {1},
  pages     = {212--230},
  doi       = {10.1109/jstars.2015.2424152},
  owner     = {TG},
  publisher = {Institute of Electrical {\&} Electronics Engineers ({IEEE})},
  timestamp = {2016.09.14},
  url       = {http://dx.doi.org/10.1109/JSTARS.2015.2424152},
}

@Article{hellman2017JoAG,
  author    = {Kristofer Hellman and Mathias Ronczka and Thomas G\"{u}nther and Marcus Wennermark and Carsten R\"{u}cker and Torleif Dahlin},
  title     = {Structurally coupled inversion of {ERT} and refraction seismic data combined with cluster-based model integration},
  journal   = {Journal of Applied Geophysics},
  year      = {2017},
  volume    = {143},
  pages     = {169--181},
  month     = {aug},
  doi       = {10.1016/j.jappgeo.2017.06.008},
  owner     = {Dlugosch.R},
  publisher = {Elsevier {BV}},
  timestamp = {2017.08.21},
  url       = {https://doi.org/10.1016/j.jappgeo.2017.06.008},
}

@InProceedings{GuentherRuecker2006SAGEEP-Joint,
  author    = {T. G{\"u}nther and C. R{\"u}cker},
  title     = {{A} new joint inversion approach applied to the combined tomography of dc resistivity and seismic refraction data.},
  booktitle = {Ext. Abstract, 19. EEGS annual meeting (SAGEEP), 02.-06.04.2006; Seattle, USA.},
  year      = {2006},
  abstract  = {We present a new joint inversion approach that allows for a combined inversion of independent physical parameters by exchanging structural information. The technique is based on the ideas of robust modeling. Occurring gradients of one parameter facilitate the development of gradients in the other but does not enforce this. In the presence of boundaries that can be seen by both methods it leads to sharp contrasted models. Finally, a combined image of the subsurface is obtained by cluster analysis. The technique is applied to the inversion of dc resistivity and seismic refraction data. Two synthetic data sets show how different boundary types are resolved with and without structural coupling. It is demonstrated how the quality of the inversion results is improved by the new approach.},
  doi       = {10.4133/1.2923578},
  file      = {GuentherRuecker2006SAGEEP-Joint.pdf:GuentherRuecker2006SAGEEP-Joint.pdf:PDF},
  owner     = {Guenther.T},
  timestamp = {2017.08.21},
}

@InProceedings{GuentherDluHolYa2010SAGEEP,
  author    = {Thomas Günther and Raphael Dlugosch and Raphael Holland and Ugur Yaramanci},
  title     = {{A}quifer characterization using coupled inversion of {MRS} \& {DC}/{IP} data on a hydrogeophysical test-site},
  booktitle = {Ext. Abstract, 23. EEGS annual meeting (SAGEEP), April 11-14, 2010; Keystone, CO.},
  year      = {2010},
  volume    = {23},
  pages     = {302-307},
  abstract  = {We present a new joint inversion approach that allows for a combined inversion of independent physical parameters by exchanging structural information. The technique is based on the ideas of robust modeling. Occurring gradients of one parameter facilitate the development of gradients in the other but does not enforce this. In the presence of boundaries that can be seen by both methods it leads to sharp contrasted models. Finally, a combined image of the subsurface is obtained by cluster analysis. The technique is applied to the inversion of dc resistivity and seismic refraction data. Two synthetic data sets show how different boundary types are resolved with and without structural coupling. It is demonstrated how the quality of the inversion results is improved by the new approach.},
  doi       = {10.4133/1.3445447},
  file      = {GuentherDluHolYa2010SAGEEP.pdf:GuentherDluHolYa2010SAGEEP.pdf:PDF},
  owner     = {Guenther.T},
  timestamp = {2010.11.26},
}

@InProceedings{Guenther2013NSG,
  author    = {Thomas G{\"u}nther},
  title     = {{O}n {I}nversion of {F}requency {D}omain {E}lectromagnetic {D}ata in {S}alt {W}ater {P}roblems - {S}ensitivity and {R}esolution},
  booktitle = {Ext. Abstr., 19th European Meeting of Environmental and Engineering Geophysics, Bochum, Germany},
  year      = {2013},
  doi       = {10.3997/2214-4609.20131387},
  file      = {Guenther2013NSG.pdf:Guenther2013NSG.pdf:PDF},
  owner     = {Guenther.T},
  timestamp = {2013.09.17},
}

@Article{jordi2018geostatistical,
  author    = {Jordi, C. and Doetsch, J. and G{\"u}nther, T. and Schmelzbach, C. and Robertsson, J. O.A.},
  journal   = {Geophysical Journal International},
  title     = {Geostatistical regularization operators for geophysical inverse problems on irregular meshes},
  year      = {2018},
  number    = {2},
  pages     = {1374--1386},
  volume    = {213},
  doi       = {10.1093/gji/ggy055},
  publisher = {Oxford University Press},
}



@Comment{jabref-meta: databaseType:bibtex;}
